<record><leader>00000cas a22000007a 4500</leader><controlfield tag="001">23245261</controlfield><controlfield tag="008">910314d190919uucouuu ne      0    0eng d</controlfield><datafield ind1=" " ind2=" " tag="010"><subfield code="a">sn 91052319 </subfield></datafield><datafield ind1=" " ind2=" " tag="040"><subfield code="a">CNQ</subfield><subfield code="b">eng</subfield><subfield code="c">CNQ</subfield><subfield code="d">OCLCQ</subfield></datafield><datafield ind1=" " ind2=" " tag="042"><subfield code="a">msc</subfield></datafield><datafield ind1="0" ind2=" " tag="130"><subfield code="a">Breeze (Beulah, Colo.)</subfield></datafield><datafield ind1="1" ind2="4" tag="245"><subfield code="a">The breeze.</subfield></datafield><datafield ind1=" " ind2=" " tag="260"><subfield code="a">Beulah, Colo. :</subfield><subfield code="b">[s.n.]</subfield></datafield><datafield ind1=" " ind2=" " tag="300"><subfield code="a">v.</subfield></datafield><datafield ind1="1" ind2=" " tag="362"><subfield code="a">Began in 1909?</subfield></datafield><datafield ind1=" " ind2=" " tag="588"><subfield code="a">Description based on: Vol. 1, no. 5 (July 3, 1909).</subfield></datafield><datafield ind1=" " ind2=" " tag="752"><subfield code="a">United States</subfield><subfield code="b">Colorado</subfield><subfield code="c">Pueblo</subfield><subfield code="d">Beulah.</subfield></datafield></record>